<?xml version="1.0" encoding="UTF-8"?><collection xmlns="http://www.loc.gov/MARC21/slim"><record><leader>00392nam--2200145-i-4500</leader><controlfield tag="001">000007159</controlfield><controlfield tag="002">20161230</controlfield><controlfield tag="005">20161230201027</controlfield><controlfield tag="008">060222s1000------------r-----000-0-eng-d</controlfield><datafield ind1=" " ind2=" " tag="080"><subfield code="a">621.039.1</subfield></datafield><datafield ind1=" " ind2=" " tag="100"><subfield code="a">Adell, M.Roca</subfield></datafield><datafield ind1=" " ind2=" " tag="245"><subfield code="a">Analisis espectroquimico de lectura directa de aleaciones de magnesio</subfield></datafield><datafield ind1=" " ind2=" " tag="260"><subfield code="a">Madrid, Junta De Energia Nuclear, 1964 9 P</subfield></datafield><datafield ind1=" " ind2=" " tag="490"><subfield code="a">146</subfield></datafield><datafield ind1=" " ind2=" " tag="852"><subfield code="a">13754</subfield></datafield></record></collection>